<?xml version="1.0" encoding="UTF-8"?><collection xmlns="http://www.loc.gov/MARC21/slim"><record><leader>00379nam--2200121-i-4500</leader><controlfield tag="001">000016250</controlfield><controlfield tag="002">20161230</controlfield><controlfield tag="005">20161230201031</controlfield><controlfield tag="008">060222s1000------------r-----000-0-eng-d</controlfield><datafield ind1=" " ind2=" " tag="100"><subfield code="a">Galatry,Louis</subfield></datafield><datafield ind1=" " ind2=" " tag="245"><subfield code="a">Contributions a l interpretation des spectres d absorption infrarouges des melanges liquides et gazeux comprimes.these</subfield></datafield><datafield ind1=" " ind2=" " tag="260"><subfield code="a">Paris,Universite,1958. 48p</subfield></datafield><datafield ind1=" " ind2=" " tag="852"><subfield code="a">77944</subfield></datafield></record></collection>